<?xml version="1.0" encoding="UTF-8"?>
<record xmlns="http://www.loc.gov/MARC21/slim" xmlns:xsi="http://www.w3.org/2001/XMLSchema-instance" xsi:schemaLocation="http://www.loc.gov/MARC21/slim http://www.loc.gov/standards/marcxml/schema/MARC21slim.xsd">
<leader>00000nam a2200253 a 4500</leader>
<controlfield tag="001">001678251</controlfield>
<controlfield tag="003">NNU</controlfield>
<controlfield tag="005">20151007175528.0</controlfield>
<controlfield tag="008">951130s1966    iq c          000 0 ara d</controlfield>
<datafield tag="035" ind1="9" ind2=" ">
<subfield code="a">NYUb12221636</subfield>
</datafield>
<datafield tag="035" ind1=" " ind2=" ">
<subfield code="a">(MH)MHBID46652HU</subfield>
</datafield>
<datafield tag="035" ind1=" " ind2=" ">
<subfield code="a">(OCoLC)33932460</subfield>
</datafield>
<datafield tag="035" ind1=" " ind2=" ">
<subfield code="a">(CStRLIN)MAHGBID46652-B</subfield>
</datafield>
<datafield tag="040" ind1=" " ind2=" ">
<subfield code="a">NjP</subfield>
<subfield code="c">NjP</subfield>
<subfield code="d">MH</subfield>
<subfield code="d">CStRLIN</subfield>
<subfield code="d">NNU</subfield>
</datafield>
<datafield tag="050" ind1=" " ind2="4">
<subfield code="a">DS97.2</subfield>
<subfield code="b">.I188 1966</subfield>
</datafield>
<datafield tag="100" ind1="1" ind2=" ">
<subfield code="6">880-01</subfield>
<subfield code="a">Ibn ʻAqīl, Muḥammad,</subfield>
<subfield code="d">1862 or 1863-1931 or 1932.</subfield>
</datafield>
<datafield tag="245" ind1="1" ind2="0">
<subfield code="6">880-02</subfield>
<subfield code="a">Taqwīyat al-Imān Burd Tazkīyat Ibn Abī Sufyān : wa-yalīh Faṣl al-ḥākim fī al-nizāʻ wa al-takhāṣim fīmā bayna Banī Umayyah wa-Banī Hāshim /</subfield>
<subfield code="c">taʼlīf Muḥammad ibn ʻAqīl ibn ʻAbd Allāh ibn Yaḥyá al-ʻAlawī al-Ḥusaynī ; qaddama lahu Kāẓim al-Muẓaffar.</subfield>
</datafield>
<datafield tag="250" ind1=" " ind2=" ">
<subfield code="6">880-03</subfield>
<subfield code="a">[al-Ṭabʻah 2.].</subfield>
</datafield>
<datafield tag="260" ind1=" " ind2=" ">
<subfield code="6">880-04</subfield>
<subfield code="a">Baghdād :</subfield>
<subfield code="b">al-Maktabah al-Ḥaydarīyah,</subfield>
<subfield code="c">1966.</subfield>
</datafield>
<datafield tag="300" ind1=" " ind2=" ">
<subfield code="a">8, 120, 43 p. :</subfield>
<subfield code="b">port. ;</subfield>
<subfield code="c">25 cm.</subfield>
</datafield>
<datafield tag="500" ind1=" " ind2=" ">
<subfield code="a">Refutation of a work by ʻUthmān ibn ʻAbd Allāh ibn ʻAqīl al-ʻAlawī entitled Iʻānat al-mustarshidīn ʻalá ijtināb al-bidaʻ fī al-dīn, attacking the author's al-Naṣā'iḥ al-kāfīyah li-man yatawallá Muʻāwiyah.</subfield>
</datafield>
<datafield tag="500" ind1=" " ind2=" ">
<subfield code="a">Cover title: Takwiatel iman, by Mohd. bin Aqil al-Alawi.</subfield>
</datafield>
<datafield tag="600" ind1="0" ind2="0">
<subfield code="6">880-05</subfield>
<subfield code="a">Muʻāwiyah ibn Abī Sufyān,</subfield>
<subfield code="c">Caliph,</subfield>
<subfield code="d">-680.</subfield>
</datafield>
<datafield tag="880" ind1="1" ind2=" ">
<subfield code="6">100-01/</subfield>
<subfield code="a">ابن عقيل، محمد،</subfield>
<subfield code="d">1862 or 1863-1931 or 1932.</subfield>
</datafield>
<datafield tag="880" ind1="1" ind2="0">
<subfield code="6">245-02/</subfield>
<subfield code="a">تقوية الايمان برد تزكية ابن ابي سفيان : ويليه فصل الحاكم في النزاع والتخاصم فيما بين بني امية وبني هاشم /</subfield>
<subfield code="c">تأليف محمد بن عقيل بن عبد الله بن يحيى العلوي الحسيني ؛ قدم له كاظم المظفر.</subfield>
</datafield>
<datafield tag="880" ind1=" " ind2=" ">
<subfield code="6">250-03/</subfield>
<subfield code="a">[الطبعة 2.].</subfield>
</datafield>
<datafield tag="880" ind1=" " ind2=" ">
<subfield code="6">260-04/</subfield>
<subfield code="a">بغداد :</subfield>
<subfield code="b">المكتبة الحيدرية،</subfield>
<subfield code="c">1966.</subfield>
</datafield>
<datafield tag="880" ind1="0" ind2="4">
<subfield code="6">600-05/</subfield>
<subfield code="a">معاوية بن ابي سفيان،</subfield>
<subfield code="c">Caliph,</subfield>
<subfield code="d">-680.</subfield>
</datafield>
<datafield tag="OWN" ind1=" " ind2=" ">
<subfield code="a">GENERAL</subfield>
</datafield>
<datafield tag="AVA" ind1=" " ind2=" ">
<subfield code="a">NYU50</subfield>
<subfield code="b">BOBST</subfield>
<subfield code="c">Main Collection</subfield>
<subfield code="d">DS97.2 .I188</subfield>
<subfield code="e">unavailable</subfield>
<subfield code="t">Unavailable</subfield>
<subfield code="f">1</subfield>
<subfield code="g">1</subfield>
<subfield code="h">N</subfield>
<subfield code="i">0</subfield>
<subfield code="j">MAIN</subfield>
<subfield code="k">0</subfield>
</datafield>
</record>
